@article{bip11,
  author    = {Ananda Basu and
               Saddek Bensalem and
               Marius Bozga and
               Jacques Combaz and
               Mohamad Jaber and
               Thanh-Hung Nguyen and
               Joseph Sifakis},
  title     = {{Rigorous Component-Based System Design Using the BIP Framework}},
  journal   = {IEEE Software},
  volume    = {28},
  number    = {3},
  year      = {2011},
  pages     = {41-48},
  ee        = {http://doi.ieeecomputersociety.org/10.1109/MS.2011.27},
  bibsource = {DBLP, http://dblp.uni-trier.de}
}
