@inproceedings{QiangB15,
  author    = {Wang Qiang and
               Simon Bliudze},
  title     = {Verification of Component-Based Systems via Predicate Abstraction
               and Simultaneous Set Reduction},
  booktitle = {Trustworthy Global Computing - 10th International Symposium, {TGC}
               2015, Madrid, Spain, August 31 - September 1, 2015 Revised Selected
               Papers},
  pages     = {147--162},
  year      = {2015},
  url       = {http://dx.doi.org/10.1007/978-3-319-28766-9_10},
  doi       = {10.1007/978-3-319-28766-9_10},
  timestamp = {Tue, 05 Jan 2016 13:16:53 +0100},
  biburl    = {http://dblp.uni-trier.de/rec/bib/conf/tgc/QiangB15},
  bibsource = {dblp computer science bibliography, http://dblp.org}
}

@article{BonakdarpourBJQS12,
  author    = {Borzoo Bonakdarpour and
               Marius Bozga and
               Mohamad Jaber and
               Jean Quilbeuf and
               Joseph Sifakis},
  title     = {A framework for automated distributed implementation of
               component-based models},
  journal   = {Distributed Computing},
  volume    = {25},
  number    = {5},
  year      = {2012},
  pages     = {383-409},
  ee        = {http://dx.doi.org/10.1007/s00446-012-0168-6},
  bibsource = {DBLP, http://dblp.uni-trier.de}
}
