@inproceedings{KouchnarenkoW13,
  author    = {Olga Kouchnarenko and
               Jean{-}Fran{\c{c}}ois Weber},
  title     = {Adapting Component-Based Systems at Runtime via Policies with Temporal
               Patterns},
  booktitle = {Formal Aspects of Component Software - 10th International Symposium,
               {FACS} 2013, Nanchang, China, October 27-29, 2013, Revised Selected
               Papers},
  pages     = {234--253},
  year      = {2013},
  crossref  = {facs2/2013},
  doi       = {10.1007/978-3-319-07602-7_15},
}

@proceedings{facs2/2013,
  editor    = {Jos{\'{e}} Luiz Fiadeiro and
               Zhiming Liu and
               Jinyun Xue},
  title     = {Formal Aspects of Component Software - 10th International Symposium,
               {FACS} 2013, Nanchang, China, October 27-29, 2013, Revised Selected
               Papers},
  series    = {Lecture Notes in Computer Science},
  volume    = {8348},
  publisher = {Springer},
  year      = {2014},
  doi       = {10.1007/978-3-319-07602-7},
  isbn      = {978-3-319-07601-0}
}

@inproceedings{BoyerGP13,
  author    = {Fabienne Boyer and
               Olivier Gruber and
               Damien Pous},
  title     = {Robust reconfigurations of component assemblies},
  booktitle = {35th International Conference on Software Engineering, {ICSE} '13,
               San Francisco, CA, USA, May 18-26, 2013},
  pages     = {13--22},
  year      = {2013},
  crossref  = {icse/2013}
}

@proceedings{icse/2013,
  editor    = {David Notkin and
               Betty H. C. Cheng and
               Klaus Pohl},
  title     = {35th International Conference on Software Engineering, {ICSE} '13,
               San Francisco, CA, USA, May 18-26, 2013},
  publisher = {{IEEE} / {ACM}},
  year      = {2013},
  isbn      = {978-1-4673-3076-3}
}

@inproceedings{DavidL06,
author = {David, Pierre-Charles, Ledoux, Thomas},
title = {Safe dynamic reconfigurations of Fractal architectures with Fscript},
booktitle = {Proceeding of Fractal CBSE Workshop, ECOOP},
volume = {6},
year = {2006}
}

@article{FalconeJNBB15,
  author    = {Yli{\`{e}}s Falcone and
               Mohamad Jaber and
               Thanh{-}Hung Nguyen and
               Marius Bozga and
               Saddek Bensalem},
  title     = {Runtime verification of component-based systems in the {BIP} framework
               with formally-proved sound and complete instrumentation},
  journal   = {Software and System Modeling},
  volume    = {14},
  number    = {1},
  pages     = {173--199},
  year      = {2015},
  doi       = {10.1007/s10270-013-0323-y}
}

@article{BauerLS10,
  author    = {Andreas Bauer and
               Martin Leucker and
               Christian Schallhart},
  title     = {Comparing {LTL} Semantics for Runtime Verification},
  journal   = {J. Log. Comput.},
  volume    = {20},
  number    = {3},
  pages     = {651--674},
  year      = {2010},
  url       = {http://dx.doi.org/10.1093/logcom/exn075},
  doi       = {10.1093/logcom/exn075},
  timestamp = {Fri, 26 Nov 2010 19:04:56 +0100},
  biburl    = {http://dblp.uni-trier.de/rec/bib/journals/logcom/BauerLS10},
  bibsource = {dblp computer science bibliography, http://dblp.org}
}

@inproceedings{Falcone10,
  author    = {Yli{\`{e}}s Falcone},
  title     = {You Should Better Enforce Than Verify},
  booktitle = {Runtime Verification - First International Conference, {RV} 2010,
               St. Julians, Malta, November 1-4, 2010. Proceedings},
  pages     = {89--105},
  year      = {2010},
  crossref  = {rv/2010},
  doi       = {10.1007/978-3-642-16612-9_9},
}

@proceedings{rv/2010,
  editor    = {Howard Barringer and
               Yli{\`{e}}s Falcone and
               Bernd Finkbeiner and
               Klaus Havelund and
               Insup Lee and
               Gordon J. Pace and
               Grigore Rosu and
               Oleg Sokolsky and
               Nikolai Tillmann},
  title     = {Runtime Verification - First International Conference, {RV} 2010,
               St. Julians, Malta, November 1-4, 2010. Proceedings},
  series    = {Lecture Notes in Computer Science},
  volume    = {6418},
  publisher = {Springer},
  year      = {2010},
  doi       = {10.1007/978-3-642-16612-9},
  isbn      = {978-3-642-16611-2},
}

@inproceedings{FalconeFM09,
  author    = {Yli{\`{e}}s Falcone and
               Jean{-}Claude Fernandez and
               Laurent Mounier},
  title     = {Runtime Verification of Safety-Progress Properties},
  booktitle = {Runtime Verification, 9th International Workshop, {RV} 2009, Grenoble,
               France, June 26-28, 2009. Selected Papers},
  pages     = {40--59},
  year      = {2009},
  crossref  = {rv/2009},
  doi       = {10.1007/978-3-642-04694-0_4},
}

@proceedings{rv/2009,
  editor    = {Saddek Bensalem and
               Doron Peled},
  title     = {Runtime Verification, 9th International Workshop, {RV} 2009, Grenoble,
               France, June 26-28, 2009. Selected Papers},
  series    = {Lecture Notes in Computer Science},
  volume    = {5779},
  publisher = {Springer},
  year      = {2009},
  doi       = {10.1007/978-3-642-04694-0},
  isbn      = {978-3-642-04693-3}
}

@article{FalconeFM12,
  author    = {Yli{\`{e}}s Falcone and
               Jean{-}Claude Fernandez and
               Laurent Mounier},
  title     = {What can you verify and enforce at runtime?},
  journal   = {{STTT}},
  volume    = {14},
  number    = {3},
  pages     = {349--382},
  year      = {2012},
  doi       = {10.1007/s10009-011-0196-8}
}

@article{FalconeMFR11,
  author    = {Yli{\`{e}}s Falcone and
               Laurent Mounier and
               Jean{-}Claude Fernandez and
               Jean{-}Luc Richier},
  title     = {Runtime enforcement monitors: composition, synthesis, and enforcement
               abilities},
  journal   = {Formal Methods in System Design},
  volume    = {38},
  number    = {3},
  pages     = {223--262},
  year      = {2011},
  doi       = {10.1007/s10703-011-0114-4}
}


@inproceedings{CharafeddineEFJ15,
  author    = {Hadil Charafeddine and
               Khalil El{-}Harake and
               Yli{\`{e}}s Falcone and
               Mohamad Jaber},
  title     = {Runtime enforcement for component-based systems},
  booktitle = {Proceedings of the 30th Annual {ACM} Symposium on Applied Computing,
               Salamanca, Spain, April 13-17, 2015},
  pages     = {1789--1796},
  year      = {2015},
  crossref  = {sac/2015},
  doi       = {10.1145/2695664.2695879},
}

@proceedings{sac/2015,
  editor    = {Roger L. Wainwright and
               Juan Manuel Corchado and
               Alessio Bechini and
               Jiman Hong},
  title     = {Proceedings of the 30th Annual {ACM} Symposium on Applied Computing,
               Salamanca, Spain, April 13-17, 2015},
  publisher = {{ACM}},
  year      = {2015},
  url       = {http://dl.acm.org/citation.cfm?id=2695664},
  isbn      = {978-1-4503-3196-8}
}

@inproceedings{bliudze,
  author    = {Simon Bliudze and
               Joseph Sifakis},
  title     = {A Notion of Glue Expressiveness for Component-Based Systems},
  booktitle = {{CONCUR} 2008 - Concurrency Theory, 19th International Conference,
               {CONCUR} 2008, Toronto, Canada, August 19-22, 2008. Proceedings},
  pages     = {508--522},
  year      = {2008},
  url       = {http://dx.doi.org/10.1007/978-3-540-85361-9_39},
  doi       = {10.1007/978-3-540-85361-9_39},
  timestamp = {Fri, 22 Aug 2008 12:33:09 +0200},
  biburl    = {http://dblp.uni-trier.de/rec/bib/conf/concur/BliudzeS08},
  bibsource = {dblp computer science bibliography, http://dblp.org}
}